<record><leader>00000cas a22000007a 4500</leader><controlfield tag="001">12176468</controlfield><controlfield tag="008">850619d18811985mouwr ne      0   a0eng d</controlfield><datafield ind1=" " ind2=" " tag="010"><subfield code="a">sn 85007257 </subfield></datafield><datafield ind1=" " ind2=" " tag="040"><subfield code="a">NSD</subfield><subfield code="b">eng</subfield><subfield code="c">NSD</subfield><subfield code="d">MQN</subfield><subfield code="d">OCLCQ</subfield><subfield code="d">OCLCF</subfield><subfield code="d">OCLCO</subfield></datafield><datafield ind1=" " ind2=" " tag="012"><subfield code="m">1</subfield></datafield><datafield ind1="1" ind2=" " tag="022"><subfield code="a">0883-6558</subfield><subfield code="l">0883-6558</subfield><subfield code="2">1</subfield></datafield><datafield ind1="1" ind2=" " tag="029"><subfield code="a">AU@</subfield><subfield code="b">000020375702</subfield></datafield><datafield ind1=" " ind2=" " tag="032"><subfield code="a">423540</subfield><subfield code="b">USPS</subfield></datafield><datafield ind1=" " ind2=" " tag="037"><subfield code="b">The Pattonsburg call, The Publishing Co., 203 N. Main, Gallatin, MO 64640</subfield></datafield><datafield ind1=" " ind2=" " tag="042"><subfield code="a">nsdp</subfield></datafield><datafield ind1=" " ind2=" " tag="043"><subfield code="a">n-us-mo</subfield></datafield><datafield ind1=" " ind2="4" tag="222"><subfield code="a">The Pattonsburg call</subfield></datafield><datafield ind1="0" ind2="4" tag="245"><subfield code="a">The Pattonsburg call.</subfield></datafield><datafield ind1=" " ind2=" " tag="260"><subfield code="a">Pattonsburg, Mo. :</subfield><subfield code="b">Eugene A. Martin,</subfield><subfield code="c">1881-1985.</subfield></datafield><datafield ind1=" " ind2=" " tag="310"><subfield code="a">Weekly</subfield></datafield><datafield ind1="0" ind2=" " tag="362"><subfield code="a">-v. 102, no. 51 (Aug. 27, 1985).</subfield></datafield><datafield ind1=" " ind2=" " tag="588"><subfield code="a">Description based on: Vol. 2, no. 41 (June 21, 1883).</subfield></datafield><datafield ind1=" " ind2="0" tag="651"><subfield code="a">Pattonsburg (Mo.)</subfield><subfield code="v">Newspapers.</subfield></datafield><datafield ind1=" " ind2="7" tag="655"><subfield code="a">Newspapers.</subfield><subfield code="2">fast</subfield><subfield code="0">(OCoLC)fst01423814</subfield></datafield><datafield ind1=" " ind2="7" tag="651"><subfield code="a">Missouri</subfield><subfield code="z">Pattonsburg.</subfield><subfield code="2">fast</subfield><subfield code="0">(OCoLC)fst01263013</subfield></datafield><datafield ind1=" " ind2=" " tag="752"><subfield code="a">United States</subfield><subfield code="b">Missouri</subfield><subfield code="c">Daviess</subfield><subfield code="d">Pattonsburg.</subfield></datafield><datafield ind1="0" ind2="4" tag="785"><subfield code="t">Gallatin north Missourian</subfield><subfield code="w">(DLC)sn 89067467</subfield></datafield><datafield ind1=" " ind2=" " tag="936"><subfield code="a">May 28, 1985</subfield></datafield></record>